%CITA 1 - BIEN
@misc{ec_europa,
  title = {Causes of climate change},
  howpublished = {\url{https://ec.europa.eu/clima/climate-change/causes-climate-change_en}},
  note = {Recuperado 15 de abril de 2022}
}

%CITA 2 - BIEN
@inproceedings{international2019global,
  title={Global Status Report for Buildings and Construction 2019},
  author={International Energy Agency},
  year={2019},
  organization={IEA Paris, France}
}

%CITA 3 - BIEN
@article{enshassi2014evaluacion,
  title={Evaluaci{\'o}n de los impactos medioambientales de los proyectos de construcci{\'o}n},
  author={Enshassi, Adnan and Kochendoerfer, Bernd and Rizq, Ehsan},
  journal={Revista ingenier{\'\i}a de construcci{\'o}n},
  volume={29},
  number={3},
  pages={234--254},
  year={2014},
  publisher={Pontificia Universidad Cat{\'o}lica de Chile. Departamento de Ingenier{\'\i}a y~…}
}

%CITA 4 - BIEN


@article{hill1997sustainable,
  title={Sustainable construction: principles and a framework for attainment},
  author={Hill, Richard C and Bowen, Paul A},
  journal={Construction Management \& Economics},
  volume={15},
  number={3},
  pages={223--239},
  year={1997},
  publisher={Taylor \& Francis}
}

% CITA 5 - BIEN
@misc{architecture2030,
  title = {Why the building sector?},
  howpublished = {\url{https://architecture2030.org/why-the-building-sector/}},
  note = {Recuperado 15 de abril de 2022}
}

$CITA 6 - BIEN
@article{zhongming2020building,
  title={Building sector emissions hit record high, but low-carbon pandemic recovery can help transform sector--UN report},
  author={Zhongming, Zhu and Linong, Lu and Xiaona, Yao and Wangqiang, Zhang and Wei, Liu and others},
  year={2020}
}


%CITA 7 - BIEN
@article{antosiewicz2020green,
  title={Green growth opportunities for the decarbonization goal for Chile},
  author={Antosiewicz, Mareck and Gonz{\'a}les Carrasco, Luis E and Lewandowski, Piotr and de la Maza Greene, Nicol{\'a}s},
  year={2020},
  publisher={World Bank, Washington, DC}
}

%CITA 8 - BIEN
@misc{cchc,
  title = {El Sector de la Construcción ante el Desafío Clímatico Global},
  howpublished = {\url{https://cchc.cl/uploads/archivos/archivos/Fundamenta_45.pdf}},
  note = {Recuperado 15 de abril de 2022}
}

%CITA 9 - BIEN
@misc{ministerio2016estandares,
  title={Est{\'a}ndares de construcci{\'o}n sustentable para viviendas de Chile Tomo I. Salud y bienestar. Divisi{\'o}n T{\'e}cnica},
  author={Ministerio de Vivienda y Urbanismo},
  year={2016},
  publisher={MINISTERIO DE VIVIENDA Y URBANISMO Chile}
}

$CITA 10 - ARREGLAR
@misc{cchc2,
  title = {El Sector de la Construcción ante el Desafío Clímatico Global},
  howpublished = {\url{https://cchc.cl/uploads/archivos/archivos/Fundamenta_45.pdf}},
  note = {Recuperado 19 de abril de 2022}
}


$CITA 11 - BIEN 

@article{abuzeinab2017green,
  title={Green business models in the construction sector: an analysis of outcomes and benefits},
  author={Abuzeinab, Amal and Arif, Mohammed and Qadri, Mohd Asim and Kulonda, Dennis},
  journal={Construction Innovation},
  year={2017},
  publisher={Emerald Publishing Limited}
}

@article{elduque2007teorema,
  title={El teorema de Pick},
  author={Elduque, Alberto},
  journal={Departamento de Matem{\'a}ticas. Universidad de Zaragoza. Recuperado el},
  volume={15},
  pages={2006--07},
  year={2007}
}



$CITAS ENTREGA 2 INFORMACIÓN
@misc{infor,
  title = {Boletín de Precios Forestales},
  howpublished = {\url{https://wef.infor.cl/publicaciones/precios/2018/06/precios201806.pdf}},
  note = {Recuperado 21 de mayo de 2022}
}

@misc{bmaterials,
  title = {9 Building Materials and their Shocking Carbon Footprints that will Surprise You.},
  howpublished = {\url{https://pliteq.com/news/building-vs-carbon-footprint/}},
  note = {Recuperado 21 de mayo de 2022}
}

@article{hong2015greenhouse,
  title={Greenhouse gas emissions during the construction phase of a building: a case study in China},
  author={Hong, Jingke and Shen, Geoffrey Qiping and Feng, Yong and Lau, William Sin-tong and Mao, Chao},
  journal={Journal of cleaner production},
  volume={103},
  pages={249--259},
  year={2015},
  publisher={Elsevier}
}


@misc{trabajodegrado,
  title = {Análisis de la huella de carbono y alternativas de mitigación en el uso de los materiales más utilizados en la construcción.},
  howpublished = {\url{http://repositorio.ufpso.edu.co/bitstream/123456789/2113/1/32703.pdf}},
  note = {Recuperado 20 de mayo de 2022}
}

@misc{carbonfootprint,
  title = {Carbon footprint of commonly used construction materials},
  howpublished = {\url{hhttps://www.researchgate.net/figure/Carbon-footprint-of-commonly-used-construction-materials-cradle-to-gate_tbl2_338832435}},
  note = {Recuperado 22 de mayo de 2022}
}